@misc{ChirografariCuozzo:Online,
author = {Cuozzo, Lucia},
title = {CREDITORI PRIVILEGIATI E CREDITORI CHIROGRAFARI},
month = jun,
year = {2012},
url = {http://www.gestco.it/approfondimenti/creditori-privilegiati-creditori-chirografari.html}
}
